@article{SmallSignalCheah,
  title     = {Modeling and Analysis Approaches for Small-Signal Stability Assessment of Power-Electronic-Dominated Systems},
  author    = {Marc Cheah-Mane and Agusti Egea-Alvarez and Eduardo Prieto-Araujo and Hasan Mehrjerdi and Oriol Gomis-Bellmunt and Lie Xu},
  journal   = {Wiley Interdisciplinary Reviews: Energy and Environment},
  year      = {2023},
  volume    = {12},
  number    = {1},
  doi       = {10.1002/wene.453},
  issn      = {2041-8396},
  publisher = {John Wiley \& Sons Ltd},
  keywords  = {distributed generation, advanced review, stability, modeling, power electronics, power systems, small signal},
  language  = {English}
}

@article{SymbolicHantao,
  author    = {Hantao Cui and Fangxing Li and Kevin Tomsovic},
  title     = {Hybrid Symbolic-Numeric Framework for Power System Modeling and Analysis},
  journal   = {IEEE Transactions on Power Systems},
  year      = {2021},
  volume    = {36},
  number    = {2},
  pages     = {1373--1384},
  doi       = {10.1109/TPWRS.2020.3017019},
  keywords  = {Power systems, open-source, DAE modeling, symbolic calculation, time-domain simulation, ANDES library}
}

@article{KonovaPF,
  author    = {Volodymyr Konoval and Roman Prytula},
  title     = {Participation Factor in Modal Analysis of Power Systems Stability},
  journal   = {Poznan University of Technology Academic Journals. Electrical Engineering},
  year      = {2016}
}

@book{StabilityAndControlKundur,
  author    = {Prabha S. Kundur and Om P. Malik},
  title     = {Power System Stability and Control},
  edition   = {2},
  address   = {New York},
  publisher = {McGraw Hill},
  year      = {2022},
  isbn      = {9781260473544},
  language  = {English},
  keywords  = {electric power systems, stability}
}

@article{KundurDef,
  author    = {P. Kundur and J. Paserba and V. Ajjarapu and G. Andersson and A. Bose and C. Canizares and N. Hatziargyriou and D. Hill and A. Stankovic and C. Taylor and T. Van Cutsem and V. Vittal},
  title     = {Definition and Classification of Power System Stability},
  journal   = {IEEE Transactions on Power Systems},
  volume    = {19},
  number    = {2},
  pages     = {1387--1401},
  year      = {2004},
  month     = may,
  doi       = {10.1109/TPWRS.2004.825981}
}

@article{DefStabExtended,
  author    = {Nikos Hatziargyriou and Jovica Milanovic and Claudia Rahmann and Venkataramana Ajjarapu and Claudio Canizares and Istvan Erlich and David Hill and Ian Hiskens and Innocent Kamwa and Bikash Pal and Pouyan Pourbeik and Juan Sanchez-Gasca and Aleksandar Stankovic and Thierry Van Cutsem and Vijay Vittal and Costas Vournas},
  title     = {Definition and Classification of Power System Stability -- Revisited \& Extended},
  journal   = {IEEE Transactions on Power Systems},
  year      = {2021},
  volume    = {36},
  number    = {4},
  pages     = {3271--3281},
  doi       = {10.1109/TPWRS.2020.3041774},
  keywords  = {Power system stability, stability criteria, power electronics, converter-driven stability, small-signal stability, transient stability, voltage stability, frequency stability}
}

@software{veragrid,
  author       = {{eRoots Analytics S.L.}},
  title        = {VeraGrid: Open-source code to power model handling, powerful simulations, and seamless visualization.},
  publisher    = {eRoots Analytics},
  address      = {Barcelona, Spain},
  url          = {https://www.eroots.io/veragrid},
  version      = {v1.0},
  note         = {Combines AC/DC power flow, optimisation, and time-series simulation in an open and extensible architecture.}
}

@software{qt_designer,
  author       = {{Qt Group}},
  title        = {Qt Designer: Cross-platform GUI Design Tool},
  publisher    = {Qt Group},
  address      = {Espoo, Finland},
  url          = {https://www.qt.io/product/development-tools},
  note         = {Part of the Qt framework for developing graphical user interfaces and cross-platform applications.}
}

@software{andes,
  author       = {Hongzhi Zhang et al.},
  title        = {ANDES: Advanced Network Dynamics and Equilibrium Simulator},
  publisher    = {University of Tennessee, Knoxville},
  url          = {https://docs.andes.app/en/stable/getting_started/index.html},
  version      = {v1.8.0},
  note         = {Available at \url{https://docs.andes.app}.}
}

@misc{CasellaDAE,
  author       = {Casella, Francesco},
  title        = {Properties of Differential-Algebraic Equation Systems (DAE)},
  howpublished = {Lecture slides, Dipartimento di Elettronica e Informazione, Politecnico di Milano},
  year         = {2010},
  note         = {Available at \url{https://staff.polito.it/roberto.zanino/sub1/teach_files/modelica_minicourse/02\%20-\%20DAE\%20Systems.pdf}.}
}



@book{SauerPaiBook,
  author = {Sauer, P. W. and Pai, M. A.},
  title = {Power System Dynamics and Stability},
  publisher = {Prentice Hall},
  year = {1997}
}

@ARTICLE{LaraTDS,
  author={Lara, Jose Daniel and Henriquez-Auba, Rodrigo and Ramasubramanian, Deepak and Dhople, Sairaj and Callaway, Duncan S. and Sanders, Seth},
  journal={IEEE Transactions on Power Systems}, 
  title={Revisiting Power Systems Time-Domain Simulation Methods and Models}, 
  year={2024},
  volume={39},
  number={2},
  pages={2421-2437},
  keywords={Power system dynamics;Time-domain analysis;Mathematical models;Computational modeling;Taxonomy;Power system modeling;Power system simulation;Modeling;power system analysis;simulation},
  doi={10.1109/TPWRS.2023.3303291}}

  @article{Fortescue,
  author    = {Fortescue, C. L.},
  title     = {Method of symmetrical co-ordinates applied to the solution of polyphase networks},
  journal   = {Transactions of the American Institute of Electrical Engineers},
  volume    = {XXXVII},
  number    = {2},
  pages     = {1027--1140},
  year      = {1918},
}

%%%%%%%%%%%%%%%
@book{Butcher2008,
  author    = {John C. Butcher},
  title     = {Numerical Methods for Ordinary Differential Equations},
  publisher = {John Wiley \& Sons},
  year      = {2008},
  address   = {Chichester, UK}
}

@article{Hindmarsh1995,
  author  = {A.~C. Hindmarsh},
  title   = {Algebraic Equations, Part I: Euler Methods and error behaviour},
  journal = {Computing in Science \& Engineering},
  volume  = {9},
  number  = {1},
  pages   = {34--44},
  year    = {1995}
}

@article{SpiteriDAENotes,
  author  = {R.~Spiteri and others},
  title   = {Chapter 10: Numerical Methods for DAEs},
  journal = {Lecture Notes / Technical Report},
  year    = {—},  % adjust as needed
  note    = {Available online}
}

%%%%%%%%%%%%%%%%%

@article{XiongParaEMT2024,
  author = {Xiong, M. and others},
  title = {An open-source parallel EMT simulation framework},
  journal = {Elsevier / Electric Power Systems Research},
  year = {2024}
}

@article{YanCompEff2025,
  author = {Yan, X. and others},
  title = {Computational Efficiency-Accuracy Trade-Offs in EMT Simulation},
  journal = {Energies},
  year = {2025},
  doi = {10.3390/en18095173}
}

@misc{TesfatsionOpenSource,
  author = {Tesfatsion, Leigh},
  title = {Open Source Software for Electric Power Industry},
  howpublished = {Iowa State University site},
  year = {n.d.}
}

@inproceedings{KirliPyPSA2021,
  author = {Kirli, Desen and others},
  title = {PyPSA meets Africa: Developing an open source electricity network model of the African continent},
  booktitle = {arXiv preprint arXiv:2110.10628},
  year = {2021}
}

@report{IEA2024Transition,
  author       = {{International Energy Agency}},
  title        = {World Energy Outlook 2024: The Energy Transition},
  institution  = {International Energy Agency (IEA)},
  year         = {2024},
  url          = {https://www.iea.org/reports/world-energy-outlook-2024},
}

@misc{Gencat2023FactorsEmissio,
  author       = {{Generalitat de Catalunya, Departament d'Acció Climàtica, Alimentació i Agenda Rural}},
  title        = {Emission factors associated to the energy mix},
  year         = {2023},
  howpublished = {Online resource},
  institution  = {Generalitat de Catalunya},
  url          = {https://canviclimatic.gencat.cat/en/actua/factors_demissio_associats_a_lenergia/index.html},
}


@misc{CircularComputing2022,
  author       = {{Circular Computing}},
  title        = {The Carbon Footprint of a Laptop: Understanding the True Impact},
  year         = {2022},
  url          = {https://circularcomputing.com/news/carbon-footprint-laptop/},
}

@report{HP2021MonitorLCA,
  author       = {{HP Inc.}},
  title        = {HP Monitor Life Cycle Assessment Summary Report},
  institution  = {HP Sustainability Report},
  year         = {2021},
  url          = {https://h20195.www2.hp.com/v2/GetDocument.aspx?docname=c08699464}
}

@misc{AsusVivabook,
  author       = {{ASUS}},
  title        = {Technical specifications Asus Vivabook 15},
  year         = {2025},
  url          = https://www.asus.com/laptops/for-home/vivobook/asus-vivobook-15-x1504/techspec/},
}
@misc{AOC,
  author       = {{Display Specifications}},
  title        = {Power consumption specifications AOC W-LED},
  year         = {2025},
  url          = https://www.displayspecifications.com/en/model-power-consumption/0349510},
}

@misc{ICAEN,
  author       = {{Institut Català d'Energia (ICAEN)}},
  title        = {Guia per a la millora de l'eficiència energètica en les instal·lacions industrials},
  year         = {2023},
  howpublished = {Online resource},
  institution  = {Generalitat de Catalunya},
  url          = {https://icaen.gencat.cat/web/.content/migracio_automatica/documents/sala_de_premsa/arxius/guia.pdf},
}

@misc{CircularEcology,
  author       = {{Circular Ecology}},
  title        = {The Carbon Emissions of Homeworking and Office Working},
  year         = {2023},
  url          = {https://circularecology.com/news/the-carbon-emissions-of-homeworking-and-office-working},
}



%%%%%%%%%%%%%%%%%%%%%%%%%%%%
@report{IEA2022Buildings,
  author       = {{International Energy Agency}},
  title        = {Energy Efficiency 2022: Buildings and Workplace Energy Use},
  institution  = {International Energy Agency (IEA)},
  year         = {2022},
  url          = {https://www.iea.org/reports/energy-efficiency-2022},
}

@report{EEA2021OfficeEnergy,
  author       = {{European Environment Agency}},
  title        = {Occupant-related energy use and emissions in office buildings in Europe},
  institution  = {EEA Technical Report No 07/2021},
  year         = {2021},
  url          = {https://www.eea.europa.eu/publications},
}

@report{ADEME2023Offices,
  author       = {{Agence de la Transition Écologique (ADEME)}},
  title        = {Empreinte carbone du secteur tertiaire en France: Bureaux et services administratifs},
  institution  = {ADEME},
  year         = {2023},
  url          = {https://librairie.ademe.fr/changement-climatique-et-energie/1227-empreinte-carbone-du-secteur-tertiaire.html},
}